@misc{dsap2025,
  title = {Data Science and Advanced Programming 2025},
  author = {Scheidegger, Simon and Smirnova, Anna},
  year = {2025},
  institution = {HEC Lausanne, University of Lausanne},
  howpublished = {\url{https://ap-unil-2025.github.io/course-materials/}},
  note = {Course materials for Master's students in Economics and Finance},
  keywords = {data science, Python programming, machine learning, statistical learning, high-performance computing},
  license = {Creative Commons Attribution-ShareAlike 4.0 International}
}

@online{dsap2025-online,
  title = {Data Science and Advanced Programming 2025: Course Materials},
  author = {Scheidegger, Simon and Smirnova, Anna},
  year = {2025},
  url = {https://ap-unil-2025.github.io/course-materials/},
  organization = {HEC Lausanne, University of Lausanne},
  urldate = {2025-09-15},
  note = {Online course materials},
  license = {CC BY-SA 4.0}
}